<?xml version="1.0" encoding="UTF-8"?><record xmlns="http://www.loc.gov/MARC21/slim" xmlns:cinclude="http://apache.org/cocoon/include/1.0" xmlns:zs="http://www.loc.gov/zing/srw/">
  <leader>00456cz  a2200133n  4500</leader>
  <controlfield tag="001">n  92016326 </controlfield>
  <controlfield tag="003">DLC</controlfield>
  <controlfield tag="005">19920220160418.4</controlfield>
  <controlfield tag="008">920213n| acannaab|          |a ana |||  </controlfield>
  <datafield tag="010" ind1=" " ind2=" ">
    <subfield code="a">n  92016326 </subfield>
  </datafield>
  <datafield tag="040" ind1=" " ind2=" ">
    <subfield code="a">DLC</subfield>
    <subfield code="c">DLC</subfield>
    <subfield code="d">DLC</subfield>
  </datafield>
  <datafield tag="110" ind1="1" ind2="0">
    <subfield code="a">Windhoek (Namibia).</subfield>
    <subfield code="b">Government Archives</subfield>
  </datafield>
  <datafield tag="410" ind1="1" ind2="0">
    <subfield code="a">Windhoek (Namibia).</subfield>
    <subfield code="b">Staatsargief</subfield>
  </datafield>
  <datafield tag="670" ind1=" " ind2=" ">
    <subfield code="a">Lys van argivalia in Suid-Afrikaanse argiefbewaarplekke, 1980:</subfield>
    <subfield code="b">t.p. (Staatsargief, Windhoek; Government Archives, Windhoek)</subfield>
  </datafield>
</record>